@inproceedings{ramos2016fast,
  title={Fast-forward video based on semantic extraction},
  author={Ramos, Washington LS and Silva, Michel M and Campos, Mario FM and Nascimento, Erickson R},
  booktitle={2016 IEEE International Conference on Image Processing (ICIP)},
  pages={3334--3338},
  year={2016},
  organization={IEEE}
}

@article{huang2007intelligent,
  title={An intelligent subtitle detection model for locating television commercials},
  author={Huang, Yo-Ping and Hsu, Liang-Wei and Sandnes, Frode-Eika},
  journal={IEEE Transactions on Systems, Man, and Cybernetics, Part B (Cybernetics)},
  volume={37},
  number={2},
  pages={485--492},
  year={2007},
  publisher={IEEE}
}

@inproceedings{bertalmio2000image,
  title={Image inpainting},
  author={Bertalmio, Marcelo and Sapiro, Guillermo and Caselles, Vincent and Ballester, Coloma},
  booktitle={Proceedings of the 27th annual conference on Computer graphics and interactive techniques},
  pages={417--424},
  year={2000}
}

@article{opencv_library,
    author = {Bradski, G.},
    citeulike-article-id = {2236121},
    journal = {Dr. Dobb's Journal of Software Tools},
    keywords = {bibtex-import},
    posted-at = {2008-01-15 19:21:54},
    priority = {4},
    title = {{The OpenCV Library}},
    year = {2000}
}
